%% This BibTeX bibliography file was created using BibDesk.
%% http://bibdesk.sourceforge.net/


%% Created for Raffael Schmid at 2010-09-21 00:26:45 +0200 


%% Saved with string encoding Unicode (UTF-8) 


@book{Piepmeyer201006,
title={Grundkurs funktionale Programmierung mit Scala},
author={Lothar Piepmeyer},
publisher={Hanser Fachbuchverlag},
year={2010},
month={6},
isbn={9783446420922},
howpublished ={http://amazon.de/o/ASIN/3446420924/},
price={EUR 29,90},
totalpages={297},
timestamp={2010.09.20},
}

@book{odersky2008programming,
  title={{Programming in Scala}},
  author={Odersky, M. and Spoon, L. and Venners, B.},
  year={2008},
  publisher={Artima Inc}
}

@book{chen2009lift,
  title={{The Definitive Guide to Lift}},
  author={Chen-Becker, D. and Danciu, M. and Weir, T.},
  year={2009},
  publisher={Springer}
}

@book{subramaniam2009programming,
  title={{Programming Scala: Tackle Multi-Core Complexity on the Java Virtual Machine}},
  author={Subramaniam, V. and Venkat, S.},
  year={2009}
}

%%Internet
 @misc{ wiki:Endrekursion,
   author = "Wikipedia",
   title = "Endrekursion --- Wikipedia",
   year = "2010",
   howpublished = "http://de.wikipedia.org/w/index.php?title=Endrekursion\&oldid=78741723",
   note = "[Online; Stand 3. Oktober 2010]"
 }
 
  @misc{ wiki:lambdakalkuel,
   author = "Wikipedia",
   title = "Lambda-Kalkül --- Wikipedia",
   year = "2010",
   url = "http://de.wikipedia.org/w/index.php?title=Lambda-Kalk%C3%BCl",
   note = "[Online; Stand 12. November 2010]"
 }


@misc{ wiki:NoSQL,
   author = "Wikipedia",
   title = "NoSQL --- Wikipedia",
   year = "2010",
   howpublished = "http://de.wikipedia.org/w/index.php?title=NoSQL",
   note = "[Online; Stand 11. Oktober 2010]"
 }
 @misc{SimpleBuildTool,
title = {Simple Build Tool },
   author = "-",
howpublished = {http://code.google.com/p/simple-build-tool/}
}
@misc{oderskyCakePattern,
  title={Scalable Component Abstractions},
  author={Martin Odersky, Matthias Zenger},
  howpublished = {http://lamp.epfl.ch/~odersky/papers/ScalableComponent.pdf}  
}

@misc{bonerCakePattern,
  title={Real-World Scala: Dependency Injection (DI)},
  author={Jonas Bonér},
  howpublished = {http://jonasboner.com/2008/10/06/real-world-scala-dependency-injection-di.html}  
}

 @misc{Stax,
title = {Stax},
   author = "-",
howpublished = {http://www.stax.net}
}

@misc{Swiz,
title = {Swiz Framework for Adobe Flex },
   author = "-",
howpublished = {http://swizframework.org}
}

@misc{Cairngorm,
title = {Cairngorm},
   author = "-",
howpublished = {http://sourceforge.net/adobe/cairngorm/home}
}

@misc{gitRepo,
title = {Git Repository - Plannr},
   author = "Raffael Schmid",
howpublished = {http://github.com/schmidic/plannr}
}

@misc{plannr,
title = {plannr - a web based planning tool for vacations},
   author = "Raffael Schmid",
howpublished = {http://plannr.schmidic.staxapps.net}
}

@misc{Git,
title = {Git - Fast Version Control System},
   author = "-",
howpublished = {http://git-scm.com}
}


@misc{Mate,
title = {Mate Flex Framework},
   author = "-",
howpublished = {http://mate.asfusion.com}
}


@misc{graniteDs,
title = {Granit Data Services (Flex \& Java EE)},
   author = "-",
howpublished = {http://www.graniteds.org}
}

@misc{simileTimeline,
title = {Simile Widgets Timeline},
   author = "-",
howpublished = {http://www.simile-widgets.org/timeline}
}

@misc{flexCalendar,
title = {Flex Calendar Components},
   author = "-",
howpublished = {http://code.google.com/p/flexcalendar}
}

@misc{lift:di,
title = {Dependency Injection},
   author = "-",
howpublished = {http://www.assembla.com/wiki/show/liftweb/Dependency\_Injection}
}

@misc{blazeDs,
title = {Integrating Flex, BlazeDS, and Scala/Lift},
   author = "-",
howpublished = {http://opensource.adobe.com/wiki/display/blazeds/BlazeDS}
}


@misc{tiobe,
   title = {TIOBE Software: Tiobe Index},
   author = "TIOBE",
   howpublished = {http://www.tiobe.com/index.php/content/paperinfo/tpci/index.html}
}

@misc{liftweb,
title = {Lift Web Framework},
   author = "Lift Community",
howpublished = {http://liftweb.net}
}

@misc{IntegratingBlazeDsLiftweb,
title = {Integrating Flex, BlazeDS, and Scala/Lift},
   author = "Derek Wischusen",
howpublished = {http://flexonrails.net/?p=103}
}
@misc{ wiki:usability,
   author = "Wikipedia",
   title = "Benutzerfreundlichkeit --- Wikipedia",
   year = "2010",
   howpublished = "http://de.wikipedia.org/w/index.php?title=Benutzerfreundlichkeit",
   note = "[Online; Stand 7. November 2010]"
 }
 
 @misc{ wiki:gantt,
   author = "Wikipedia",
   title = "Gantt-Diagramm --- Wikipedia",
   year = "2010",
   url = "http://de.wikipedia.org/w/index.php?title=Gantt-Diagramm",
   note = "[Online; Stand 7. November 2010]"
 }


@misc{ wiki:rest,
   author = "Wikipedia",
   title = "Representational State Transfer --- Wikipedia",
   year = "2010",
   howpublished = "http://de.wikipedia.org/w/index.php?title=Representational\_State\_Transfer",
   note = "[Online; Stand 6. November 2010]"
 }



 @misc{ liftweb:using-sbt,
   author = "Liftweb",
   title = "Using SBT ",
   year = "2010",
   howpublished = "http://www.assembla.com/wiki/show/liftweb/Using\_SBT",
   note = "[Online; Stand 10. Oktober 2010]"
 }